2884 4964
89 1023 220 1106 Scholia
241 1049 312 1108 baeu
326 1038 443 1128 primurn
461 1049 489 1107 iu
504 1045 629 1110 editione
642 1045 788 1126 Euripidis
800 1047 1052 1127 Glasguenslanni
1068 1057 1159 1114 1821.

58 1153 60 1157 ’
88 1152 107 1192 e
133 1125 415 1196 Colicavauoano‘
434 1135 596 1214 descripta,
628 1133 664 1194 L.
690 1133 857 1198 Dindorlius
888 1137 916 1194 iu
943 1155 994 1194 sua
1013 1131 1161 1216 Euripidis

88 1213 218 1276 editione
240 1220 306 1276 anni
331 1223 425 1279 1825.
450 1219 491 1275 sie
516 1219 635 1295 exprimi
659 1236 690 1276 su
713 1219 830 1280 iussisse
853 1217 939 1290 dicit,
967 1228 998 1276 ut
1019 1238 1055 1296 ne
1078 1221 1161 1278 mini-

87 1317 164 1355 mam
187 1299 303 1377 quidem¹
322 1303 349 1358 in
367 1299 462 1358 verbis
483 1300 551 1377 ipsis
573 1300 754 1358 mutationem
772 1300 952 1372 admitteret;
975 1320 1011 1360 ue
1028 1303 1052 1359 si
1070 1304 1163 1366 semel

86 1379 200 1438 mendis
219 1393 338 1460 purgata
358 1390 490 1460 repetere
513 1384 698 1460 suscepisset,
724 1392 772 1439 aut
795 1383 892 1440 charta
917 1394 945 1442 et
968 1384 1026 1440 otio
1050 1385 1108 1446 sibi.
1124 1384 1159 1444 ad

85 1463 301 1542 persequendas
331 1475 373 1522 tot
400 1465 570 1522 ninntornn
592 1463 724 1522 vitiorum
752 1462 962 1520 emendationes
989 1464 1159 1526 abutendum

86 1557 185 1616 esset,
217 1557 280 1617 aut,
308 1548 394 1606 tacite
415 1545 551 1618 sublatis,
582 1543 654 1603 tides
675 1561 725 1600 sua
752 1563 808 1600 non
831 1546 899 1602 satis
921 1553 980 1602 tuta
1000 1545 1156 1616 videretur.

86 1625 233 1705 Quidquid
260 1628 346 1704 igitur
374 1625 577 1687 emendandum
604 1635 756 1694 censeret,
784 1626 812 1682 in
841 1626 1104 1701 marginetantum.
1127 1647 1159 1687 se

85 1709 252 1768 indicasse:
288 1712 459 1768 multavere
482 1729 516 1768 ne
537 1720 653 1786 tangore
675 1706 785 1784 quidem
812 1718 860 1766 aut
882 1709 996 1768 licuisse
1018 1711 1158 1770 auttanti
1247 1755 1249 1759 -

85 1793 190 1850 fuisse.
235 1791 328 1864 Quum
352 1813 369 1850 a
390 1793 540 1869 bibliopola
568 1800 683 1868 rogatus
705 1789 814 1848 iudices
840 1789 876 1848 ad
897 1787 1048 1852 Matthiaei
1070 1790 1158 1851 Euti-

84 1871 164 1951 pidis
181 1872 330 1932 editionem
351 1873 572 1933 conscribendos
589 1875 792 1951 suscepissem,
815 1893 869 1930 non
893 1873 991 1932 inutile
1013 1875 1075 1932 fore
1097 1877 1158 1934 exi-

85 1957 247 2027 stimabam,
273 1959 296 2014 si
318 1959 424 2016 scholia
446 1957 529 2026 baec,
553 1977 624 2034 quae
647 1976 702 2014 non
726 1954 820 2026 miodo,
841 1953 1051 2018 utDindoufius
1074 1955 1155 2030 dicit,

84 2038 192 2114 insigni
208 2040 427 2116 fragmentorum
446 2041 537 2098 omnis
550 2039 668 2116 ,generis
690 2039 863 2116 scriptorum,
875 2039 957 2116 'copia
975 2041 1081 2100 referta
1104 2059 1155 2100 ue-

84 2139 140 2197 que
155 2122 261 2179 inutilia
278 2134 342 2180 suut
357 2121 391 2182 ad
407 2123 604 2198 intelligendas
617 2121 863 2200 emendandosque
875 2121 926 2179 bas
943 2122 1018 2199 ipsas
1031 2123 1160 2196 fabulas,

85 2202 136 2262 sed
154 2205 249 2275 etiam,
272 2215 303 2262 ut
323 2205 391 2262 mibi
407 2203 530 2272 videtur,
553 2206 622 2262 satis
642 2223 713 2279 puro
729 2201 843 2262 dicendi
854 2201 967 2278 genere
984 2217 1013 2262 et
1028 2206 1155 2265 nifallor.

83 2297 226 2345 vetustate
248 2286 356 2364 reliqua
378 2287 405 2342 iu
426 2283 592 2360 Euripidem
615 2285 722 2343 scholia
744 2285 827 2358 louge
852 2295 997 2360 superant,
1022 2297 1153 2362 quantum

85 2369 149 2427 heri
171 2379 268 2447 posset
291 2365 440 2424 emendata
464 2385 561 2421 rursus
585 2365 749 2424 ederentur.
795 2363 899 2441 Aquo.
917 2365 1041 2422 consilio.
1058 2386 1155 2444 quam·
1230 2409 1234 2420 ,

85 2449 167 2530 quain
194 2452 312 2527 primum
339 2446 520 2506 absterrebar
543 2457 572 2504 et
592 2446 701 2524 ingenti
720 2446 881 2503 lacunarum
903 2465 1020 2506 numero
1042 2459 1071 2505 et
1091 2450 1156 2508 aliis

84 2534 233 2613 permultis
254 2531 329 2589 vitiis
353 2549 423 2608 quae
443 2529 491 2587 vix
512 2530 606 2588 sanari
633 2547 715 2607 posse
737 2526 923 2599 videbantur,
953 2538 1050 2590 tamon-
1069 2550 1152 2608 murm

84 2605 312 2695 per'dnodecim
344 2631 433 2670 annos
464 2612 515 2668 has
544 2613 671 2688 insignes
699 2609 868 2668 scholiorum
897 2611 1030 2688 reliquias
1060 2627 1157 2691 paene

84 2690 231 2774 neglectas
249 2694 385 2765 viderem,
408 2693 442 2752 ad
461 2693 650 2752 emendandas
671 2713 720 2752 eas
740 2714 797 2772 pro
807 2693 914 2752 viribus
931 2695 1002 2752 meis
1019 2697 1158 2756 consterno⁴

85 2782 114 2837 in
130 2781 250 2837 animum
266 2777 374 2836 induxi.
408 2773 455 2836 Ad
473 2797 543 2855 opus
559 2797 714 2856 aggressus
729 2796 814 2854 saepe
830 2775 946 2855 quidem
957 2775 1158 2857 desperabam,

85 2881 170 2939 saepe
190 2861 315 2920 abiicere
338 2863 365 2918 in
387 2863 480 2920 animo
503 2873 583 2933 erat3
612 2872 758 2940 postquam
782 2870 874 2918 autem
898 2863 1037 2938 cognovi,
1067 2863 1156 2922 multa

84 2947 111 3002 in
128 2945 206 3003 bisce
224 2955 340 3022 propter
357 2945 493 3002 incertam
513 2942 680 3002 emendandi
696 2945 836 3001 rationem
852 2962 887 2999 ue
902 2954 1019 3018 tangere
1040 2944 1156 3023 quidem.

84 3029 184 3096 licere,
206 3028 291 3086 multa
314 3038 369 3084 tam
393 3027 517 3082 mutilata
533 3045 610 3096 esse,
633 3035 664 3083 ut
686 3043 782 3100 neque
796 3021 964 3079 hariolando
981 3025 1178 3083 scholiastae·

6 3108 33 3116 ”
84 3111 206 3187 cogitata
232 3120 311 3169 certo
339 3125 370 3164 se
392 3116 585 3164 assecuturum
607 3107 752 3184 quisquam
781 3121 896 3178 sperare
920 3104 1029 3178 possit,
1058 3106 1086 3160 in
1110 3107 1156 3162 in·

83 3203 165 3270 cepto
187 3185 316 3270 perstare
338 3189 481 3246 constitui.
526 3186 685 3245 Emendavi
705 3186 791 3261 igitur
812 3194 844 3240 et
863 3185 891 3240 in
915 3193 1024 3242 terruim-
1042 3188 1151 3264 recepi,

84 3293 266 3353 quaecunque
288 3291 344 3328 non
366 3269 401 3327 ad
418 3289 530 3327 sensum
550 3268 645 3340 modo,
669 3267 720 3325 sed
735 3266 818 3326 etiam
833 3264 868 3323 ad
884 3265 971 3324 verba
988 3270 1152 3328 necessaria

84 3355 261 3415 videbantur.
307 3353 371 3426 Quo
395 3353 423 3410 in
448 3372 535 3430 opere
559 3354 583 3410 si
605 3349 723 3410 audacie
748 3359 913 3428 proveetum
937 3351 1007 3408 artis
1034 3353 1156 3412 criticae

85 3440 155 3497 fines
181 3457 226 3496 me
249 3448 457 3512 transgressum
486 3455 550 3494 esse
571 3435 639 3496 Viri
657 3433 743 3492 Docti
766 3433 943 3504 censebunt,
969 3433 1152 3494 considerent

84 3521 166 3579 velim
194 3521 238 3578 his
267 3519 382 3578 scholiis
411 3511 550 3577 interdum
578 3538 634 3577 non
658 3517 716 3574 nisi
736 3516 800 3574 acri
817 3514 944 3575 remedio
972 3536 1053 3594 opem
1081 3521 1152 3576 ferri

85 3622 186 3682 posse3
213 3621 265 3660 nee
280 3603 366 3661 timeo
381 3603 482 3662 iustam
497 3622 594 3661 eorum
610 3599 861 3679 reprehensionem
877 3598 969 3656 sicubi
983 3602 1154 3671 erraverim,

86 3683 169 3744 immo
187 3683 317 3763 gaudebo
340 3686 363 3741 si
384 3695 413 3742 et
434 3685 488 3762 ipsi
510 3683 758 3764 operaepretium
775 3681 907 3752 duxerint
927 3679 966 3739 ad*
984 3681 1153 3758 integranda

86 3769 155 3826 haee
179 3767 286 3826 scholia
306 3766 423 3824 meliora
444 3770 590 3826 conferre.
632 3767 667 3826 Iu·
688 3765 881 3842 grammaticis
896 3763 981 3822 rebus
1002 3763 1072 3823 haee
1089 3767 1152 3827 lere

87 3850 248 3931 emendavi:
278 3847 494 3908 Coniunctivum
515 3851 632 3929 reposui
653 3861 716 3928 post
738 3846 810 3907 brev
830 3845 936 3906 ursae
961 3854 1035 3910 989.
1059 3847 1150 3910 libes.
1217 3845 1230 3864 '

87 3939 178 4008 215,
207 3929 272 3992 nam
299 3942 464 4002 constanter
490 3943 554 4010 post
577 3931 627 3992 ἐὰν
649 3933 767 4008 eiusque
790 3931 945 4008 composita
972 3932 1152 3992 coniunctivo

86 4020 172 4077 utitur
192 4016 346 4076 scholiasta
369 4015 413 4073 bis
435 4016 522 4074 loeis:
545 4014 653 4075 Troad.
677 4021 749 4076 204.
773 4021 846 4074 226.
871 4017 941 4075 458.
961 4021 1033 4078 649.
1057 4022 1148 4078 1050.

87 4100 174 4160 llhes.
191 4106 264 4162 245.
283 4108 356 4161 248.
372 4103 445 4160 524.
483 4097 540 4158 ”Ao
559 4099 697 4178 particula
712 4096 786 4176 apud
805 4095 988 4157 indicativum
1005 4099 1152 4176 praeteriti

89 4184 115 4242 in
136 4183 260 4264 apodosi·
273 4184 479 4262 enunciatiom's
499 4179 719 4264 hypotheticae,
747 4200 821 4260 quae
841 4192 961 4260 quatuor
982 4182 1052 4240 loeis
1073 4189 1152 4240 reete
