2884 4964
280 950 283 953 ⁸
366 1001 447 1075 bn
497 994 892 1092 mucronum.
985 963 988 970 ’

513 1209 734 1224 m

81 1337 259 1428 Notandum
281 1353 449 1426 esthorum
471 1363 641 1422 scholiorum
662 1365 802 1435 notitiam,
826 1383 942 1442 qnorum
964 1361 1155 1440 apographum

83 1453 156 1532 (hic
183 1451 299 1510 verbum
328 1450 415 1510 verho
441 1443 623 1524 impressum)
658 1466 709 1522 pro
744 1445 879 1521 singulari
908 1464 958 1502 sua
985 1445 1156 1504 humanitate
1216 1446 1218 1450 ’

82 1533 343 1594 arcesesscntibus·
355 1530 436 1589 nohis
459 1529 535 1587 misit
556 1529 599 1586 vir
620 1526 719 1586 doctus
734 1527 928 1604 Hieronymus
943 1525 1086 1596 horatius,
1109 1526 1158 1583 de-

81 1617 152 1676 beri
173 1616 286 1673 omnino
306 1613 445 1686 Emsleio.
490 1611 519 1668 ls
541 1611 570 1668 in
585 1607 833 1670 Indice'Codicurn
855 1606 891 1666 ad
913 1627 991 1665 suam
1011 1605 1160 1686 Euripidis
1221 1602 1226 1609 ’

81 1693 215 1760 Medeae
239 1695 390 1755 editionem
414 1696 455 1754 sic
478 1693 596 1770 incipit:
673 1773 675 1778 Ι

173 1829 291 1902 ‚,Ron.
316 1830 356 1894 Α.
372 1830 532 1892 Vaticanus
554 1835 627 1892 909.
652 1823 848 1892 Blatoffieeao
868 1824 1048 1898 Vaticanae,
1079 1825 1159 1886 hom·
1199 1819 1202 1828 '

82 1914 222 1993 bycinus,
243 1915 365 2011 scriptus
385 1914 498 1978 saeculo
512 1911 691 1981 duodecimo,
716 1920 747 1967 ut
767 1909 802 1976 ab
824 1910 929 1988 optimo
947 1910 1045 1976 harum
1063 1929 1157 1972 rerum

83 1995 185 2054 iudice
215 1995 319 2076 audiun.
369 1997 452 2059 luter
477 2011 576 2061 omues
604 1994 759 2057 fabularum
781 1991 1002 2071 Euripidearnm
1028 1990 1156 2066 codices,

83 2097 159 2158 quos
180 2077 306 2156 possidet
318 2078 497 2142 Bibliotheca
509 2078 671 2146 Pontificio,
692 2077 767 2135 hunc
787 2077 1057 2154 praestantissimum
1075 2077 1158 2136 simul

84 2173 118 2220 et
136 2163 357 2240 antiquissimum
375 2163 551 2240 appellarunt
567 2159 710 2221 custodes.
757 2158 962 2236 Complectitur
980 2159 1080 2220 novem
1100 2170 1158 2221 tra·

83 2243 225 2322 goedias,
255 2245 361 2320 primas
383 2254 490 2320 septem
512 2244 641 2312 scilicet,
661 2239 790 2300 Troadas
811 2251 840 2301 et
861 2240 998 2306 Rhesum.
1042 2242 1157 2302 Rhesus

84 2329 118 2385 in
148 2327 203 2386 line
236 2325 350 2385 mutilus
367 2334 438 2386 fest,
486 2323 625 2390 Omnibus
660 2320 800 2384 accedunt
833 2321 941 2383 scholia
973 2323 1003 2380 in
1029 2325 1157 2400 margine

85 2410 217 2487 scripta,
236 2407 350 2482 glossae
375 2404 593 2483 interlineares,
616 2421 727 2468 necnon
750 2403 846 2464 variae
869 2403 1020 2474 lectiones,
1042 2423 1158 2480 quarum

85 2489 240 2552 nonnullae
262 2487 298 2546 ah
318 2488 380 2564 ipsu
397 2485 504 2548 codicis
524 2485 663 2564 scriptore
684 2481 797 2550 additae
820 2494 895 2556 sunt,
916 2485 1070 2562 pleraeque
1089 2505 1159 2548 sero

85 2595 105 2633 a
129 2571 243 2629 diversa
264 2587 354 2646 eaque
374 2588 429 2626 non
452 2587 507 2627 nna
531 2588 627 2636 manu.
669 2567 791 2634 Tanton
813 2567 896 2632 huius
918 2567 1051 2640 fabulae,
1075 2589 1159 2648 quem
1222 2593 1223 2600 ¹

86 2649 208 2714 exhibet
228 2650 331 2722 codex,
356 2650 398 2709 bis
420 2671 483 2710 cnm
503 2649 608 2710 Aldina
632 2649 757 2709 editione
778 2651 1074 2731 eontuli,·omnesquo
1095 2654 1158 2714 fere

5 2761 6 2786 1
86 2737 184 2796 varias
217 2734 355 2793 lectiones
388 2753 405 2792 a
434 2734 557 2802 librariis
589 2731 726 2794 indicatas
758 2734 881 2792 enotavi.
935 2733 1050 2794 Scholia
1075 2755 1157 2810 vero,

5 2861 7 2880 .
88 2837 163 2896 quae
183 2817 256 2876 lectu
281 2815 439 2876 difficiliora
460 2827 544 2898 sunt,
572 2827 690 2896 propter
708 2818 843 2895 temporis
866 2818 1024 2895 angustiam
1045 2820 1094 2878 vix
1115 2821 1158 2880 in·
1247 2855 1251 2862 .

87 2901 201 2979 spicere
224 2901 313 2976 potui,
337 2899 438 2958 nedum
461 2920 523 2959 cum
538 2899 700 2960 Arsaniana
722 2897 839 2961 ἐκδόσει
858 2902 1002 2962 conferre.
1043 2901 1159 2963 Scholia

86 2985 117 3042 in
139 2982 267 3042 Troadas
291 2993 320 3041 ct
340 2983 485 3052 Rhesum,
509 2993 625 3059 praeter
645 3002 735 3059 pauca
755 2984 783 3040 in
804 2983 951 3052 Rhesum,
976 3001 1046 3058 quae
1069 3004 1167 3062 nuper
1229 3043 1234 3048 ,
1325 3033 1329 3042 .

86 3067 206 3144 protulit
237 3064 400 3134 Matthiae,
441 3062 564 3120 nondum
597 3063 673 3121 edita
705 3073 779 3120 sunt.
835 3063 917 3134 Quae
950 3064 1092 3140 pertinent
1122 3066 1159 3125 ad
1258 3111 1260 3116 .
1347 3063 1352 3066 ’

86 3147 243 3217 Troadas,
284 3147 404 3204 fortasse
439 3145 553 3202 nonnisi
594 3146 622 3202 in
654 3145 707 3201 hoc
739 3142 839 3201 codice
871 3143 1001 3200 Romano
1035 3156 1156 3206 exstant.

88 3232 181 3290 Certe
202 3227 382 3286 Bibliotheca
402 3226 612 3296 Laurentisne,
640 3245 693 3303 qua
718 3224 782 3283 ‘sola
810 3225 839 3283 in
866 3225 991 3300 scholiis·
1007 3224 1043 3284 ad
1065 3238 1159 3305 poste·

88 3316 182 3372 riores
204 3307 366 3386 tragoedias
387 3299 553 3384 colligendis
575 3327 643 3366 usus
665 3317 709 3365 est
729 3307 882 3381 Matthiae,
906 3307 1010 3368 nullum
1031 3310 1157 3384 codicem

89 3395 196 3464 habet,
227 3391 274 3470 qui
297 3408 358 3450 eam
380 3389 555 3469 tragoediam
577 3391 819 3471 complectatur.“

976 3488 1006 3550 J.
1030 3491 1072 3554 B.
