2884 4964
290 427 356 500 150
744 407 900 464 scuouru

293 602 354 657 πης
374 574 428 656 μίν
450 587 544 652 φησιν
564 561 675 640 αὐτόν,
706 559 748 638 ώς
767 555 991 638 Ἐλλᾶνικοςῦλ
1016 553 1074 618 εἰσί
1099 551 1131 617 δέ
1155 553 1228 636 oie)
1254 561 1389 621 Λευκα.

294 682 366 725 στου
387 656 438 722 καλ
452 655 536 732 Ἴδης
555 656 609 731 τῆς
625 643 821 728 Κορύβαντος
842 646 1053 726 γενεαλογοῦοι
1076 633 1148 722 μετὰ
1170 641 1225 700 καὶ
1246 643 1389 717 Μίνωος
1419 679 1420 746 ρ

294 744 345 808 καὶ
372 736 615 821 Ῥαδαμάνθυος,
648 729 790 808 καθάπερ
822 723 989 808 Σωκρότς
1018 725 1051 787 έν
1082 729 1145 795 τοῖς
1175 720 1384 806 Ἀργολικοῖς.

298 830 357 908 ἔχει
380 823 412 888 δέ
435 819 558 904 όλόγος
578 813 612 882 τό
629 815 731 894 ἕτερον
755 810 831 876 εἰναι
849 749 1035 891 Σαρπηδόνα
1057 802 1112 869 τόν
1135 805 1187 869 ἐπὶ
1208 807 1272 890 τὴν
1288 811 1385 873 Ἴλιον

299 905 517 992 στρατεύσαντα
539 900 590 965 καλ
612 899 704 964 όίλλον
730 893 797 962 τινὰ
820 897 926 980 Θρᾷκα
935 893 983 976 d),
1015 887 1073 968 εἶφ’
1096 883 1134 954 οὗ
1155 895 1387 974 Σαρπηδονίαν

299 993 446 1076 πέτράνθ)
460 986 561 1070 ,φασὶν
582 977 810 1066 οίνομόσθαιῖ).
854 974 966 1051 Διττολς
988 971 1096 1049 δὲτὰς
1119 973 1284 1058 Εύρώπας
1314 978 1385 1042 τίνα.

300 1075 471 1162 γράφουσιν
499 1071 588 1135 ἔνιοι·
619 1069 690 1149 μίαν
720 1064 775 1146 μὲν
801 1061 978 1136 Ὠκεανίδα,
1011 1055 1072 1135 εἶφ’
1093 1052 1171 1142 rige)
1199 1061 1253 1124 καλ
1283 1061 1319 1126 τό
1352 1067 1386 1126 ’ἓν

302 1145 392 1243 μέρος
410 1162 465 1236 τῆς
487 1151 666 1233 οἰκουμένης
685 1153 851 1229 κληθῆναι,
872 1143 1014 1226 καθάπερ
1037 1140 1151 1205 Ἀπίων
1175 1143 1208 1205 έν
1225 1152 1289 1220 τοῖς
1310 1148 1383 1229 περί

302 1239 471 1320 ἐπωνύμων
491 1236 542 1300 καλ
561 1231 765 1318 Ἀριστοτέλης
795 1231 827 1294 έν
850 1227 961 1312 πρώτῳ
981 1233 1036 1306 τῆς
1059 1227 1241 1308 Θεογονίας,
1271 1231 1382 1310 ἑτέραν

303 1325 337 1389 δέ
360 1319 558 1400 Φοινικίανλ)
580 1317 631 1382 καλ
652 1313 814 1400 Ἀγήνορος
823 1311 865 1396 ἱ),
888 1311 929 1388 ώς
949 1309 998 1374 καλ
1021 1307 1199 1390 Εὐριπίδης
1219 1313 1269 1376 καὶ
1290 1313 1378 1376 ἄλλοι

304 1411 488 1490 ίστοροῦσιν,
511 1403 638 1468 καὶτοῦ
661 1400 730 1482 περὶ
750 1398 805 1462 τόν
830 1397 924 1460 Μίνω
947 1394 1090 1479 γενέσθαι
1112 1397 1215 1472 φασίν.
1250 1397 1325 1460 ἔνιοι
1347 1398 1377 1460 δὲ

304 1492 382 1560 εἰσίν
402 1487 472 1573 o‘ik)
502 1485 554 1551 καλ
581 1480 663 1567 παρὰ
696 1481 753 1564 τὴν
782 1477 879 1560 αὐτὴν
908 1476 1122 1558 ώνομόσθαιῑλ
1152 1475 1209 1558 τὴν
1240 1481 1368 1560 ἤπειρον,
1400 1530 1409 1537 .

304 1571 447 1654 καθάπερ
469 1570 520 1634 καλ
541 1569 749 1649 Καλλίμαχος,
778 1561 951 1646 Ζηνόδοτος
973 1561 1006 1625 δὲ
1033 1563 1063 1637 ἐξ
1085 1559 1189 1625 αὐτοῦ.
1213 1564 1276 1628 εἰσί
1297 1565 1323 1627 δὲ
1342 1566 1368 1627 οἳ

305 1659 356 1723 καλ
373 1659 477 1739 τρίτην
491 1651 701 1740 οίναγρόιφουσι
713 1651 767 1730 ¹¹²),
788 1646 930 1730 καθάπερ
949 1644 1140 1730 Ἡγήσιππος
1162 1647 1194 1709 ἐν
1216 1656 1285 1723 τοῖς
1301 1653 1375 1710 Πυλ-

305 1745 461 1824 ληνιακοῖς
488 1736 616 1823 γρόφων
648 1733 760 1810 οὕτως·
788 1730 915 1813 Κάδμος
941 1727 998 1794 σόν
1018 1733 1057 1813 τῇ
1078 1728 1168 1810 μητρὶ
1189 1738 1246 1810 τῆς
1269 1730 1375 1810 Εὐρώ.

304 1829 404 1905 πης“)
432 1819 593 1904 Τηλεφόνη
616 1817 704 1902 ἐπῄει
725 1811 840 1897 πρόςθ)
873 1811 1008 1896 Ἀθήνας
1028 1812 1079 1875 καὶ
1102 1813 1292 1879 ἐπυνθάνετο
1315 1815 1377 1878 Ed-

306 1904 415 1992 ρώπην
437 1907 595 1986 έχεσθαιΡ)
628 1902 661 1964 έν
684 1895 791 2006 Θρόκη
818 1899 871 1962 καλ
893 1896 990 1972 ούτως
1011 1893 1135 1975 ἄφίκετο
1164 1899 1207 1971 εἰς
1226 1896 1286 1977 τήν
1307 1925 1378 1962 κατ.

306 1987 508 2068 μντιπὲρανίῐ)
538 1985 668 2066 ἤπειρον
696 1982 747 2045 καὶ
769 2004 862 2062 ηρχεν
892 1983 924 2045 έν
952 1987 991 2066 τῇ
1012 1979 1095 2064 χώραΙ
1118 1979 1373 2062 ταύτῃ-πόντων.

307 2067 448 2151 Εύρώπη
470 2072 525 2132 τοῦ
546 2063 659 2149 α’νδρδς
682 2063 906 2144 ἀπολειφθεῖσα
928 2062 984 2145 οόχ
1005 2063 1026 2145 ἡ
1050 2063 1190 2135 Φοίνικος,
1211 2057 1279 2124 ἀλλ’
1302 2063 1373 2124 ἐπι-

307 2156 404 2241 χωρία
425 2177 469 2228 τις
488 2148 617 2236 γυνὴῐ),
645 2147 703 2229 εἶφ’
724 2141 763 2228 εἷς
785 2147 836 2211 καλ
863 2145 884 2229 ἦ
907 2145 1035 2232 ἤπειρος
1056 2145 1150 2212 όίπασα
1169 2143 1190 2227 ἡ
1210 2171 1293 2240 προς
1315 2151 1376 2211 Βο-

309 2241 381 2324 ρέαν
403 2235 517 2319 ύνεμον
537 2231 678 2318 Εὐρώπη
699 2231 858 2313 κέκληταιτ
881 2268 923 2280 --

312 2378 316 2386 ·
392 2353 435 2418 V.
460 2362 512 2418 36.
554 2347 647 2416 Ἀλλ’
677 2348 700 2430 ἢ
727 2348 907 2428 Κρονίου
938 2343 1133 2424 Πανδς-
1167 2344 1230 2410 Τὸν
1255 2351 1375 2430 flavae)

310 2439 342 2504 οἰ
363 2437 418 2522 μέν
440 2429 626 2519 Πηνελόπης
647 2433 722 2513 φασί
743 2436 929 2505 Καλλιστοῦς
959 2431 1011 2494 καλ
1041 2428 1098 2494 δύο
1126 2434 1239 2508 παῖδας
1263 2435 1375 2518 γενομέ-

310 2544 391 2598 νους.
420 2519 479 2602 ἀφ’
500 2517 539 2601 ’ἧς
560 2521 633 2603 όρος
646 2514 854 2598 Κυλλήνηςλ).
878 2514 965 2578 όλλοι
987 2515 1020 2580 δέ
1040 2513 1231 2590 Ἀπόλλωνος
1251 2519 1301 2580 καλ
1316 2522 1375 2598 Πη-

310 2605 453 2685 νελόπης,
476 2603 517 2680 τίς
534 2605 586 2667 καλ
600 2601 780 2682 Εύφορίων,
803 2599 839 2662 δν
861 2598 999 2677 έθρεψαν
1021 2598 1154 2682 νύμφαι·
1177 2598 1226 2664 διό
1245 2603 1292 2665 καλ
1309 2628 1376 2677 νυμ-

311 2690 462 2794 φαγενῆθ)
480 2685 573 2752 αύτόν
588 2706 664 2790 φησι
682 2685 831 2769 τραφέντα
845 2682 920 2766 παρ’
937 2684 1071 2760 ἐκείναις.
1093 2682 1230 2766 Ἀρῆθος
1243 2688 1274 2749 δὲ
1291 2684 1306 2748 ό
1328 2691 1374 2748 Τε-

313 2794 422 2853 γεατης
444 2769 571 2850 αἰθέρος
592 2763 685 2830 αυτόν
712 2769 765 2840 καλ
790 2765 914 2849 νύμφης
937 2766 1048 2847 Οἰνόης
1071 2776 1248 2852 γενεαλογεῖ.
1281 2771 1375 2832 Ἔνιοι

313 2851 348 2916 δὲ
367 2848 525 2932 Ὀρσινόης
546 2848 668 2931 νύμφης
695 2850 747 2912 καὶ
771 2848 895 2996 Ἑρμοῦ.
930 2849 1123 2932 Ἐπιμενίδης
1137 2853 1179 2934 Ιδὲ
1199 2857 1376 2926 Καλλιστοῦς

305 2935 366 3005 ’καλ
383 2931 458 3012 Διός
479 2936 589 3011 παῖδας
604 2937 797 3018 γεγενῆσθαι·
835 2940 893 2999 ἄνα
910 2970 952 2984 -
972 2933 1020 2998 καλ
1037 2932 1208 3020 Ἀρκόδαᾱ)
1231 2935 1375 3017 διδύμους.

316 3020 496 3104 Μνασέαςθ)
525 3021 558 3084 δέ
588 3015 783 3102 ξενικώτερον
811 3017 971 3104 α’φηγεῖται
997 3016 1033 3083 τό
1063 3020 1136 3102 περλ
1157 3025 1269 3099 Πᾶνα,
1296 3019 1375 3103 diu

314 3307 345 3375 b)
366 3309 486 3378 εὐρωπ..
501 3308 556 3381 μὲν
571 3309 659 3379 φησίν
676 3306 770 3374 αὐτόν,
788 3307 824 3369 oie
842 3305 990 3370 έλλανικός.
1007 3337 1040 3351 ·-
1067 3309 1135 3368 Quid
1156 3309 1235 3364 initio
1255 3311 1287 3365 iu
1303 3305 1378 3365 verbis

234 3388 237 3399 ·
316 3373 386 3444 πρός
409 3371 502 3444 ὄρεσιν
520 3373 657 3443 Εὐρώπης
681 3379 778 3440 lateat,
803 3392 856 3430 uon
874 3378 959 3430 audeo
978 3377 1075 3432 dicere.
1110 3379 1308 3444 Genealogiam
1326 3378 1379 3429 Sar·

235 3483 245 3494 .
316 3441 428 3516 pedonis
445 3442 495 3494 hic
502 3442 593 3494 afferri
610 3451 637 3495 et
651 3443 796 3494 Homerum
813 3443 866 3496 alia
885 3445 990 3497 tradere
1007 3451 1087 3513 atque
1100 3446 1245 3496 Hesiodum
1268 3451 1380 3513 apertum

315 3514 367 3564 ert.
401 3507 472 3562 Hinc
496 3507 626 3576 auspicari
651 3509 715 3562 licei
735 3509 902 3564 scholiastaur
925 3513 992 3564 velie
1010 3513 1111 3574 dicere:
1132 3509 1217 3578 Apud
1235 3509 1382 3564 Homerum

314 3578 360 3643 (11.
371 3577 515 3646 6,,198ιη.)
525 3575 693 3630 Laodamiae
700 3575 779 3646 filiae
790 3577 930 3646 Sarpedon
944 3579 1074 3644 traditur,
1085 3575 1219 3630 Hesiodus
1233 3588 1325 3631 cutem
1337 3584 1382 3634 etc.

316 3646 406 3698 Verba
423 3649 511 3698 autem
529 3645 650 3711 Graeca,
667 3660 735 3730 quae
752 3644 823 3698 huno
839 3647 954 3698 habeant
970 3663 1078 3706 sensum
1095 3652 1122 3700 et
1136 3645 1272 3698 literarum
1287 3642 1379 3694 simili-

316 3713 411 3765 tudine
437 3715 565 3767 accedant
582 3713 614 3765 ad
634 3731 704 3783 προς
724 3709 816 3782 όρεσιν
832 3712 983 3784 Εὐρώπης,
1009 3730 1063 3766 uon
1081 3715 1177 3767 habeo.
1195 3711 1226 3752 -'-
1259 3711 1286 3778 c)
1305 3711 1332 3762 οἱ
1348 3736 1381 3747 -

194 3798 198 3806 ’
272 3786 275 3790 ’
318 3779 348 3846 d)
367 3775 510 3850 θρύκα-
535 3778 941 3862 ο)σαρπηδὸν.,.πετρ...“-
965 3780 1232 3851 λλώνομᾶσθαι-
1256 3779 1286 3848 ς)
1305 3765 1381 3832 ού-

318 3845 348 3912 h)
368 3865 464 3914 φοινικ
471 3883 545 3902 .....
565 3877 597 3888 -
631 3849 679 3902 eod
698 3845 785 3915 potuit
802 3855 881 3930 etiam
899 3852 1054 3904 Φοίνισσαν
1071 3848 1163 3902 scribi.
1181 3875 1218 3888 -
1251 3848 1274 3916 i)
1293 3846 1381 3958 ᾇγένρς

319 3913 974 4050 ίὲλιῑᾱ,’.λώίέαίιζελλίίῖίίλίίλῖΞ
990 3922 1117 4050 λίίίέῗ
1127 3915 1381 4053 adradi&

320 4049 349 4116 λ)
367 4045 493 4116 εὐρωπ..
511 4076 545 4090 -
577 4054 607 4117 o)
625 4051 697 4102 ἔπλει
715 4051 831 4120 περὶ-ο
865 4053 894 4118 p)
912 4067 943 4120 εχ
954 4084 1031 4104 .....
1048 4078 1083 4091 -
1118 4056 1150 4117 q)
1171 4047 1224 4103 τόν
1242 4048 1298 4106 κατ’
1317 4046 1381 4100 ἀντί-

318 4132 410 4187 περαν
432 4143 468 4156 -
507 4116 534 4183 r)
559 4119 599 4176 τίς
623 4135 692 4186 γυνη
717 4145 753 4158 -
791 4117 824 4170 V.
849 4117 892 4172 ³6.
933 4118 962 4185 a)
986 4112 1062 4172 πόνοι
1086 4145 1119 4156 -
1160 4115 1193 4184 b)
1221 4113 1338 4186 κυλὴνης
1355 4137 1381 4190 ,-

319 4185 347 4250 ο)
372 4201 571 4254 νυμφαγν....
593 4210 627 4222 ·—
670 4182 699 4248 d)
725 4182 836 4252 ἀρκοίδω
861 4213 894 4226 -
920 4187 979 4237 λοοο
998 4184 1118 4246 ,lineolae
1148 4201 1328 4252 praegressae
1348 4190 1382 4230 ux

320 4249 461 4322 quidquam
481 4247 611 4303 excidirre
630 4248 771 4304 verisimile
787 4255 837 4305 est.
852 4280 885 4292 -
918 4255 946 4316 e)
967 4255 1088 4325 μνασίας
1105 4255 1141 4295 '-
1175 4253 1308 4308 Mnaseas
1324 4248 1381 4302 idem
